@article{ko2011state,
	title={The state of the art in end-user software engineering},
	author={Ko, Andrew J and Abraham, Robin and Beckwith, Laura and Blackwell, Alan and Burnett, Margaret and Erwig, Martin and Scaffidi, Chris and Lawrance, Joseph and Lieberman, Henry and Myers, Brad and others},
	journal={ACM Computing Surveys (CSUR)},
	volume={43},
	number={3},
	pages={21},
	year={2011},
	publisher={ACM}
}
@inproceedings{scaffidi2005estimating,
	title={Estimating the numbers of end users and end user programmers},
	author={Scaffidi, Christopher and Shaw, Mary and Myers, Brad},
	booktitle={Visual Languages and Human-Centric Computing, 2005 IEEE Symposium on},
	pages={207--214},
	year={2005},
	organization={IEEE}
}
@article{winston2001executive,
	title={Executive education opportunities millions of analysts need training in spreadsheet modeling, optimization, monte carlo simulation and data analysis},
	author={Winston, WL},
	journal={OR MS TODAY},
	volume={28},
	number={4},
	pages={36--39},
	year={2001},
	publisher={INSTITUTE FOR OPERATIONS RESEARCH AND THE MANAGEMENT}
}
@article{barik2015fuse,
	title={FUSE: A Reproducible, Extendable, Internet-scale Corpus of Spreadsheets},
	author={Barik, Titus and Lubick, Kevin and Smith, Justin and Slankas, John and Murphy-Hill, Emerson},
	year={2015}
}
@techreport{hermans2014enron,
	title={Enronâ€™s spreadsheets and related emails: A dataset and analysis},
	author={Hermans, Felienne and Murphy-Hill, Emerson},
	year={2014},
	institution={Delft University of Technology, Software Engineering Research Group}
}
@inproceedings{fisher2005euses,
	title={The EUSES spreadsheet corpus: a shared resource for supporting experimentation with spreadsheet dependability mechanisms},
	author={Fisher, Marc and Rothermel, Gregg},
	booktitle={ACM SIGSOFT Software Engineering Notes},
	volume={30},
	number={4},
	pages={1--5},
	year={2005},
	organization={ACM}
}